%% This BibTeX bibliography file was created using BibDesk.
%% https://bibdesk.sourceforge.io/

%% Created for Howie Chen at 2019-11-14 13:57:57 +0100 


%% Saved with string encoding Unicode (UTF-8) 



@article{Webster2002-pw,
	Address = {Minneapolis, MN, USA},
	Author = {Webster, Jane and Watson, Richard T},
	Journal = {Management Information Systems Quarterly},
	Month = jun,
	Number = 2,
	Pages = {xiii--xxiii},
	Publisher = {Society for Information Management and The Management Information Systems Research Center},
	Title = {Analyzing the Past to Prepare for the Future: Writing a Literature Review},
	Volume = 26,
	Year = 2002}

@inproceedings{Dingsoyr2014-xt,
	Author = {Dings{\o}yr, Torgeir and F{\ae}gri, Tor Erlend and Itkonen, Juha},
	Booktitle = {{Product-Focused} Software Process Improvement},
	Conference = {International Conference on Product-Focused Software Process Improvement},
	Location = {Helsinki, Finland},
	Pages = {273--276},
	Publisher = {Springer International Publishing},
	Title = {What Is Large in {Large-Scale}? A Taxonomy of Scale for Agile Software Development},
	Year = 2014}

@book{Hevner2010-yw,
	Author = {Hevner, Alan and Chatterjee, Samir},
	Edition = {2010 edition},
	Month = may,
	Publisher = {Springer},
	Title = {Design Research in Information Systems: Theory and Practice (Integrated Series in Information Systems)},
	Year = 2010}

@misc{Github_undated-kr,
	Abstract = {GitHub is where people build software. More than 40 million
                  people use GitHub to discover, fork, and contribute to over
                  100 million projects.},
	Author = {{Github}},
	Booktitle = {Github},
	Howpublished = {\url{https://github.com}},
	Note = {Accessed: 2019-8-19},
	Title = {Build software better, together}}
